@inproceedings{AMP:CONCUR:98,
author={E. Asarin and O. Maler and A. Pnueli},
title={On discretization of delays in timed automata and digital circuits},
isbn={978-3-540-64896-3},
booktitle={{CONCUR}'98},
volume={1466},
series={LNCS},
doi={10.1007/BFb0055642},
publisher={Springer},
pages={470-484},
year={1998},
}

@InProceedings{BLT:90,
  author =       "T. Bolognesi and F. Lucidi and S. Trigila",
  title =        "From Timed {P}etri Nets to Timed {LOTOS}",
  booktitle =    "{PSTV}'90",
  year =         "1990",
  publisher =    "North-Holland, Amsterdam",
  pages =        "1--14",
}

@InProceedings{Hanisch:93,
  author =       "H.M. Hanisch",
  title =        "Analysis of Place/Transition Nets with Timed-Arcs
                  and its Application to Batch Process Control",
  pages =        "282--299",
  booktitle =    "{ICATPN}'93",
  year =         1993,
  series =       "LNCS",
  publisher =    "Springer",
  volume =       "691",
}

@inproceedings{JKJ:ATPN:10,
author={G. Juh\'{a}s and I. Kazlov and A. Juh\'{a}sov\'{a}},
title={Instance Deadlock: A Mystery behind Frozen Programs},
year={2010},
isbn={978-3-642-13674-0},
booktitle={{ATPN}'10},
volume={6128},
series={LNCS},
doi={10.1007/978-3-642-13675-7_1},
url={http://dx.doi.org/10.1007/978-3-642-13675-7_1},
publisher={Springer},
pages={1-17}
}

@inproceedings{FF:AWPN:06,
title =	{Visualizing the Soundness of Workflow Nets},
author = {C. Flender and T. Freytag},
year = {2006},
booktitle = {{AWPN}'06},
publisher = {Department Informatics, University of Hamburg},
volume = {267},
page = {47--52}
}

@inproceedings{PCVMP:MMM:04,
 author = {F.L. Pelayo and F. Cuartero and V. Valero and H. Macia and M.L. Pelayo},
 title = {Applying Timed-Arc {P}etri Nets to improve the performance of the
         {MPEG-2} Encoding Algorithm},
 booktitle = {{MMM}'04},
 year = {2004},
 pages = {49--56},
 publisher = {IEEE},
 }

@inproceedings{blood-benchmark,
 author = {S.C. Christov and G.S. Avrunin and A.L. Clarke and L.J. Osterweil and E.A. Henneman},
 title = {A benchmark for evaluating software engineering techniques for improving 
       medical processes},
 booktitle = {{SEHC}'10},
 year = {2010},
 isbn = {978-1-60558-973-2},
 pages = {50--56},
 doi = {10.1145/1809085.1809092},
 publisher = {ACM},
} 

@inproceedings{SEB:FESCA:13,
  author    = {S. Sieverding and
               Ch. Ellen and
               P. Battram},
  title     = {Sequence Diagram Test Case Specification and Virtual Integration
               Analysis using Timed-Arc {P}etri Nets},
  booktitle = {{FESCA}'13},
  year      = {2013},
  pages     = {17-31},
  doi        = {10.4204/EPTCS.108.2},
  series    = {EPTCS},
  volume    = {108},
}


@inproceedings{ALSST:MEMICS:12,
author ={M. Andersen and H.G. Larsen and J. Srba and M.G. S{\o}rensen and J.H. Taankvist},
title ={Verification of Liveness Properties on Closed Timed-Arc {P}etri Nets},
booktitle ={{MEMICS}'12},
year ={2013},
series    = {LNCS},
publisher ={Springer-Verlag},
volume ={7721},
pages ={69--81},
doi ={10.1007/978-3-642-36046-6_8},
}


@Book{Minsky:book,
        author          = "M.L. Minsky",
        title           = "Computation: Finite and Infinite Machines",
        publisher       = "Prentice",
        year            = 1967
                                                                }


@Article{dickson,
title=  "Finiteness of the odd perfect and primitive abundant numbers
         with distinct factors",
author= "L.E. Dickson",
journal= "American Journal of Mathematics",
pages="413--422",
year=1913,
volume=35,
}



@inproceedings{BLN:03:CAV,
  author    = {D. Beyer and
               C. Lewerentz and
               A. Noack},
  title     = {Rabbit: A Tool for {BDD}-Based Verification of Real-Time Systems},
  booktitle = {Proc. of {CAV}'03},
  year      = {2003},
  pages     = {122-125},
  series    = {LNCS},
  publisher = {Springer-Verlag},
  volume    = {2725},
}

@inproceedings{Beyer:01:FME,
  author    = {D. Beyer},
  title     = {Improvements in {BDD}-Based Reachability Analysis of Timed
               Automata},
  booktitle  = {Proc. of {FME}'01},
  year      = {2001},
  pages     = {318-343},
  series    = {LNCS},
  volume    = {2021},
  publisher = {Springer-Verlag},
  ee        = {http://dx.doi.org/10.1007/3-540-45251-6_18},
}


@inproceedings{Beyer:01:CHARME,
  author    = {D. Beyer},
  title     = {Efficient Reachability Analysis and Refinement Checking
               of Timed Automata Using {BDD}s},
  booktitle   = {Proc. of {CHARME'01}},
  year      = {2001},
  pages     = {86-91},
  series    = {LNCS},
  publisher = {Springer-Verlag},
  volume    = {2144},
  ee        = {http://dx.doi.org/10.1007/3-540-44798-9_6},
}


@article{ADMN:NJC:07,
 author = {P.A. Abdulla and J. Deneux and P. Mahata and A. Nyl\'{e}n},
 title = {Using Forward Reachability Analysis for Verification of Timed {P}etri Nets},
 journal = {Nordic J. of Computing},
 volume = {14},
 issue = {1},
 year = {2007},
 pages = {1--42},
 publisher = {Publishing Association Nordic Journal of Computing},
}

@InProceedings{RGE:reachability,
        author          = "V.Valero and F. Cuartero
                           and D. de Frutos-Escrig",
        title           = "On non-decidability of reachability for timed-arc
                           {P}etri nets",
        pages           = "188--196",
        booktitle       =  "PNPM'99",
				publisher={IEEE},
        year            = 1999,
}


@InProceedings{TPN:coverability,
        author          = "V.Valero
                           and D. de Frutos-Escrig and O. Marroquin Alonso",
        title           = "Decidability of Properties of timed-arc {P}etri
                           nets",
        pages           = "187--206",
        booktitle       = "{ICATPN}'00",
        series          = "LNCS",
        volume          =  "1825",
         publisher =    "Springer-Verlag",
        year            = 2000,
}


@inproceedings{DBLP:conf/avmfss/Dill89,
  author    = {D.L. Dill},
  title     = {Timing Assumptions and Verification of Finite-State Concurrent
               Systems},
  booktitle = {Automatic Verification Methods for Finite State Systems},
  year      = {1989},
  pages     = {197-212},
  ee        = {http://dx.doi.org/10.1007/3-540-52148-8_17},
  crossref  = {DBLP:conf/avmfss/1989},
  bibsource = {DBLP, http://dblp.uni-trier.de}
}

@proceedings{DBLP:conf/avmfss/1989,
  editor    = {Joseph Sifakis},
  title     = {Automatic Verification Methods for Finite State Systems,
               International Workshop, Grenoble, France, June 12-14, 1989,
               Proceedings},
  booktitle = {Automatic Verification Methods for Finite State Systems},
  publisher = {Springer},
  series    = {LNCS},
  volume    = {407},
  year      = {1990},
  isbn      = {3-540-52148-8},
  bibsource = {DBLP, http://dblp.uni-trier.de}
}


@inproceedings{BMT:discrete:99,
  author    = {M. Bozga and
               O. Maler and
               S. Tripakis},
  title     = {Efficient Verification of Timed Automata Using Dense and
               Discrete Time Semantics},
  booktitle   = {{CHARME}'99},
  year      = {1999},
  pages     = {125-141},
  series    = {LNCS},
  volume    = {1703},
  publisher = {Springer}
}

@inproceedings{BLS:FHIES:12,
author ={C. Bertolini and Zh. Liu and J. Srba},
title ={Verification of Timed Healthcare Workflows Using Component Timed-Arc {P}etri Nets},
booktitle ={FHIES'12},
year ={2013},
series    = {LNCS},
publisher ={Springer-Verlag},
volume ={7789},
pages ={19--36},
doi ={10.1007/978-3-642-39088-3_2},
}


@inproceedings{DJJJMS:TACAS:12,
author ={A. David and L. Jacobsen and M. Jacobsen and K.Y. J{\o}rgensen and M.H. M{\o}ller and J. Srba},
title ={{TAPAAL 2.0}: Integrated Development Environment for Timed-Arc {P}etri Nets},
booktitle ={{TACAS}'12},
year ={2012},
series ={LNCS},
volume ={7214},
publisher ={Springer-Verlag},
pages ={492--497},
}


@article{LY:97,
author = "K.G. Larsen and Y. Wang",
title = "Time-Abstracted Bisimulation: Implicit Specifications and Decidability",
journal = "Information and Computation",
volume = "134",
number = "2",
pages = "75--101",
year = "1997",
issn = "0890-5401",
doi = "10.1006/inco.1997.2623",
}


@inproceedings{max_bound,
   author = {H.M. Hanisch},
   title = {Analysis of place/transition nets with timed arcs and its application to batch process control},
   booktitle = {{APTN}'93},
   series = {LNCS},
   publisher = {Springer Berlin / Heidelberg},
   isbn = {978-3-540-56863-6},
   pages = {282-299},
   volume = {691},
   url = {http://dx.doi.org/10.1007/3-540-56863-8_52},
   year = {1993}
}

@InProceedings{memics_paper,
 author = {L. Jacobsen and M. Jacobsen and M. H. M\o{}ller},
 title = {{Undecidability of Coverability and Boundedness for Timed-Arc {P}etri Nets with Invariants}},
  booktitle = {{MEMICS}'09},
  publisher = {Schloss Dagstuhl - Leibniz-Zentrum fuer Informatik, Germany},
  series    = {OASICS},
  volume    = {13},
  year      = {2009},
}


@ARTICLE{Popova-zeugmann1998,
    author = {Louchka Popova-zeugmann},
    title = {Essential States in Time {P}etri Nets},
    journal = {Informatik-Berichte},
    year = {1998},
    volume = {96}
}

@incollection {Lamport2005,
author = {L. Lamport},
affiliation = {Microsoft Research},
title = {Real-Time Model Checking Is Really Simple},
booktitle = {Correct Hardware Design and Verification Methods},
series = {Lecture Notes in Computer Science},
editor = {Borrione, Dominique and Paul, Wolfgang},
publisher = {Springer Berlin / Heidelberg},
isbn = {978-3-540-29105-3},
keyword = {Computer Science},
pages = {162-175},
volume = {3725},
url = {http://dx.doi.org/10.1007/11560548_14},
year = {2005}
}

@inproceedings{Cong:2006:EVS:1146909.1147025,
 author = {Cong, Jason and Zhang, Zhiru},
 title = {An efficient and versatile scheduling algorithm based on SDC formulation},
 booktitle = {Proceedings of the 43rd annual Design Automation Conference},
 series = {DAC '06},
 year = {2006},
 isbn = {1-59593-381-6},
 location = {San Francisco, CA, USA},
 pages = {433--438},
 numpages = {6},
 url = {http://doi.acm.org/10.1145/1146909.1147025},
 doi = {10.1145/1146909.1147025},
 acmid = {1147025},
 publisher = {ACM},
 address = {New York, NY, USA},
 keywords = {SDC, behavioral synthesis, scheduling},
}

@misc{danny_VLiet,
  author = {D.B. Poulsen, J. van Vliet},
  howpublished = {3rd Semester Report at Aalborg University},
  title = {Concrete Traces for {UPPAAL}},
  year = {2010}
}

@inproceedings{sofsem,
  author    = {L. Jacobsen and
	       M. Jacobsen and
	       M.H. M{\o}ller and
	       J. Srba},
  title     = {Verification of Timed-Arc {P}etri Nets},
  booktitle = {{SOFSEM}'11},
  year      = {2011},
  pages     = {46-72},
  ee        = {http://dx.doi.org/10.1007/978-3-642-18381-2_4},
  bibsource = {DBLP, http://dblp.uni-trier.de}
}

@incollection {romeo,
   author = {Gardey, Guillaume and Lime, Didier and Magnin, Morgan and Roux, Olivier},
   affiliation = {IRCCyN, CNRS UMR 6597, Nantes, France},
   title = {Romeo: A Tool for Analyzing Time {P}etri Nets},
   booktitle = {Computer Aided Verification},
   series = {Lecture Notes in Computer Science},
   editor = {Etessami, Kousha and Rajamani, Sriram},
   publisher = {Springer Berlin / Heidelberg},
   isbn = {978-3-540-27231-1},
   keyword = {Computer Science},
   pages = {261-272},
   volume = {3576},
   year = {2005}
}

@inproceedings{tina,
 author = {Berthomieu, Bernard and Vernadat, Francois},
 title = {Time {P}etri Nets Analysis with TINA},
 booktitle = {{QEST}'06},
 year = {2006},
 pages = {123--124},
 numpages = {2},
 acmid = {1173967},
 publisher = {IEEE Computer Society},
 address = {Washington, DC, USA}
}

@INPROCEEDINGS{uppaal,
author={Behrmann, G. and David, A. and Larsen, K.G. and Hakansson, J. and Petterson, P. and Wang Yi and Hendriks, M.},
booktitle={{QEST}'06},
title={UPPAAL 4.0},
year={2006},
month={sept.},
volume={},
number={},
pages={125 -126},
keywords={UPPAAL 4.0;graphical user interface;modeling language;open source libraries;performance improvements;timed automata;verification tool;automata theory;graphical user interfaces;program verification;public domain software;specification languages;},
doi={10.1109/QEST.2006.59},
ISSN={}
}

@article{dbmexamples,
author = {Lorenzo Ridi and Jacopo Torrini and Enrico Vicario},
title = {Developing a Scheduler with Difference-Bound Matrices and the Floyd-Warshall Algorithm},
journal ={IEEE Software},
volume = {29},
issn = {0740-7459},
year = {2012},
pages = {76-83},
doi = {http://doi.ieeecomputersociety.org/10.1109/MS.2011.128},
publisher = {IEEE Computer Society},
address = {Los Alamitos, CA, USA}
}

@inproceedings{tapaal,
 author = {Byg, Joakim and J{\o}rgensen, Kenneth Yrke and Srba, Ji\v{r}\'{\i}},
 title = {{TAPAAL}: Editor, Simulator and Verifier of Timed-Arc {P}etri Nets},
 booktitle = {Proceedings of the 7th International Symposium on Automated Technology for Verification and Analysis},
 series = {ATVA '09},
 year = {2009},
 isbn = {978-3-642-04760-2},
 location = {Macao, China},
 pages = {84--89},
 numpages = {6},
 url = {http://dx.doi.org/10.1007/978-3-642-04761-9_7},
 doi = {10.1007/978-3-642-04761-9_7},
 acmid = {1692382},
 publisher = {Springer-Verlag},
 address = {Berlin, Heidelberg},
}

@book{algoAndData,
 author = {Cormen, Thomas H. and Leiserson, Charles E. and Rivest, Ronald L. and Stein, Clifford},
 title = {Introduction to Algorithms, Third Edition},
 year = {2009},
 isbn = {0262033844, 9780262033848},
 edition = {3rd},
 publisher = {The MIT Press},
 note = {Section 22.3}
}



@inproceedings{Aalst97,
  author    = {Wil M. P. van der Aalst},
  title     = {Verification of Workflow Nets},
  booktitle = {{ICATPN}'97},
  pages     = {407-426},
  publisher = {Springer},
  series    = {LNCS},
  volume    = {1248},
  year      = {1997},
  isbn      = {3-540-63139-9},
}


@article{Aalst98,
  author    = {Wil M. P. van der Aalst},
  title     = {The Application of {P}etri Nets to Workflow Management},
  journal   = {Journal of Circuits, Systems, and Computers},
  volume    = {8},
  number    = {1},
  year      = {1998},
  pages     = {21-66},
  ee        = {http://dx.doi.org/10.1142/S0218126698000043},
  bibsource = {DBLP, http://dblp.uni-trier.de}
}

@article{AalstHHSVVW11,
  author    = {Wil M. P. van der Aalst and
               K. van Hee and
               A. H. M. ter Hofstede and
               N. Sidorova and
               H. M. W. Verbeek and
               M. Voorhoeve and
               M. T. Wynn},
  title     = {Soundness of workflow nets: classification, decidability,
               and analysis},
  journal   = {Formal Aspects of Comp.},
  volume    = {23},
  number    = {3},
  year      = {2011},
  pages     = {333-363},
  ee        = {http://dx.doi.org/10.1007/s00165-010-0161-4},
  bibsource = {DBLP, http://dblp.uni-trier.de}
}


@inproceedings{LS2000, 
author={S. Ling and Schmidt, H.}, 
booktitle={{SMC}'00}, 
title={Time {P}etri nets for workflow modelling and analysis}, 
year={2000}, 
volume={4}, 
pages={3039-3044},
publisher = {IEEE}, 
doi={10.1109/ICSMC.2000.884464}, 
ISSN={1062-922X},}


@inproceedings{DuJ03,
 author    = {Y. Du and
               C. Jiang},
  title     = {Towards a Workflow Model of Real-Time Cooperative Systems},
   booktitle = {ICFEM'03},
  year      = {2003},
  pages     = {452-470},
	publisher = {Springer},
  series    = {LNCS},
	volume    = {2885},
}


@article{TipleaM09,
author = {F.L. Tiplea and G. Macovei},
  title     = {Soundness for S- and A-Timed Workflow Nets Is Undecidable},
  journal   = {IEEE Trans. on Systems, Man, and Cybernetics},
  volume    = {39},
  number    = {4},
  year      = {2009},
  pages     = {924-932},
  ee        = {http://dx.doi.org/10.1109/TSMCA.2008.2010304},
  bibsource = {DBLP, http://dblp.uni-trier.de}
}

@INPROCEEDINGS{TipleaM05,
author = {F.L. Tiplea and G. Macovei},
title = {Timed Workflow Nets},
booktitle={SYNASC'05},
isbn = {0-7695-2453-2},
year = {2005},
pages = {361-366},
doi = {http://doi.ieeecomputersociety.org/10.1109/SYNASC.2005.75},
publisher = {IEEE Computer Society},
paddress = {Los Alamitos, CA, USA},
}

@inproceedings{TipleaM06,
author = {F.L. Tiplea and G. Macovei},
title = {E-timed Workflow Nets},
booktitle ={SYNASC'06},
isbn = {0-7695-2740-X},
year = {2006},
pages = {423-429},
doi = {http://doi.ieeecomputersociety.org/10.1109/SYNASC.2006.33},
publisher = {IEEE Computer Society},
paddress = {Los Alamitos, CA, USA},
}

@INPROCEEDINGS{umodmatrix1, 
author={Cong, J. and B. Liu and Z. Zhang}, 
booktitle = {{ICCAD}'09}, 
title={Scheduling with soft constraints}, 
year={2009}, 
pages={47-54}, 
publisher = {ACM},
ISSN={1092-3152},}

@article{umodmatrix2, 
author={A. J. Hoffman and J. B. Kruskal}, 
journal={Linear Inequalities and Related Systems, Princeton Univ. Press }, 
title={Integral boundary points of convex polyhedra}, 
volume={38},
year={1956}, 
pages={22-46}, 
}
